@misc{cornell_sudoku,
    title = {Solving any Sudoku I},
    author = {Meerkamp, Michael},
    howpublished = {\url{https://pi.math.cornell.edu/~mec/Summer2009/meerkamp/Site/Solving_any_Sudoku_I.html}},
    year = {2009},
    note = {Accessed: [11/2023]}
}

@misc{cornell_sudoku2,
    title = {How many clues are needed to solve a Sudoku?},
    author = {Meerkamp, Michael},
    howpublished = {\url{https://pi.math.cornell.edu/~mec/Summer2009/meerkamp/Site/How_many_clues.html}},
    year = {2009},
    note = {Accessed: [11/2023]}
}
